%YAML 1.1
%TAG !u! tag:unity3d.com,2011:
--- !u!1 &1833876447614324608
GameObject:
  m_ObjectHideFlags: 0
  m_CorrespondingSourceObject: {fileID: 0}
  m_PrefabInstance: {fileID: 0}
  m_PrefabAsset: {fileID: 0}
  serializedVersion: 6
  m_Component:
  - component: {fileID: 7545698868564635843}
  m_Layer: 6
  m_Name: GameObject
  m_TagString: Untagged
  m_Icon: {fileID: 0}
  m_NavMeshLayer: 0
  m_StaticEditorFlags: 0
  m_IsActive: 1
--- !u!4 &7545698868564635843
Transform:
  m_ObjectHideFlags: 0
  m_CorrespondingSourceObject: {fileID: 0}
  m_PrefabInstance: {fileID: 0}
  m_PrefabAsset: {fileID: 0}
  m_GameObject: {fileID: 1833876447614324608}
  m_LocalRotation: {x: 0, y: 0, z: 0, w: 1}
  m_LocalPosition: {x: -0.5, y: 1.25, z: 0}
  m_LocalScale: {x: 1, y: 1, z: 1}
  m_Children:
  - {fileID: 6982113266469597563}
  m_Father: {fileID: 4859147170114450377}
  m_RootOrder: 0
  m_LocalEulerAnglesHint: {x: 0, y: 0, z: 0}
--- !u!1 &4859147170114450379
GameObject:
  m_ObjectHideFlags: 0
  m_CorrespondingSourceObject: {fileID: 0}
  m_PrefabInstance: {fileID: 0}
  m_PrefabAsset: {fileID: 0}
  serializedVersion: 6
  m_Component:
  - component: {fileID: 4859147170114450377}
  - component: {fileID: -3736539795066900965}
  - component: {fileID: 2170329218127017137}
  - component: {fileID: 1892986643818935698}
  - component: {fileID: 4901639151227384396}
  m_Layer: 6
  m_Name: FastTower
  m_TagString: Untagged
  m_Icon: {fileID: 0}
  m_NavMeshLayer: 0
  m_StaticEditorFlags: 0
  m_IsActive: 1
--- !u!4 &4859147170114450377
Transform:
  m_ObjectHideFlags: 0
  m_CorrespondingSourceObject: {fileID: 0}
  m_PrefabInstance: {fileID: 0}
  m_PrefabAsset: {fileID: 0}
  m_GameObject: {fileID: 4859147170114450379}
  m_LocalRotation: {x: 0, y: 0, z: 0, w: 1}
  m_LocalPosition: {x: 0, y: 0, z: 0}
  m_LocalScale: {x: 1, y: 1, z: 1}
  m_Children:
  - {fileID: 7545698868564635843}
  m_Father: {fileID: 0}
  m_RootOrder: 0
  m_LocalEulerAnglesHint: {x: 0, y: 0, z: 0}
--- !u!65 &-3736539795066900965
BoxCollider:
  m_ObjectHideFlags: 0
  m_CorrespondingSourceObject: {fileID: 0}
  m_PrefabInstance: {fileID: 0}
  m_PrefabAsset: {fileID: 0}
  m_GameObject: {fileID: 4859147170114450379}
  m_Material: {fileID: 0}
  m_IsTrigger: 0
  m_Enabled: 1
  serializedVersion: 2
  m_Size: {x: 1, y: 1, z: 1}
  m_Center: {x: 0, y: 0, z: 0}
--- !u!114 &2170329218127017137
MonoBehaviour:
  m_ObjectHideFlags: 0
  m_CorrespondingSourceObject: {fileID: 0}
  m_PrefabInstance: {fileID: 0}
  m_PrefabAsset: {fileID: 0}
  m_GameObject: {fileID: 4859147170114450379}
  m_Enabled: 1
  m_EditorHideFlags: 0
  m_Script: {fileID: 11500000, guid: 7e0f358e6c8d453ea5c04f2bd29fba8f, type: 3}
  m_Name: 
  m_EditorClassIdentifier: 
  maxHealth: 32767
  upgradeTower: 00000000
  buyAmount: 0
  sellAmount: 0
--- !u!114 &1892986643818935698
MonoBehaviour:
  m_ObjectHideFlags: 0
  m_CorrespondingSourceObject: {fileID: 0}
  m_PrefabInstance: {fileID: 0}
  m_PrefabAsset: {fileID: 0}
  m_GameObject: {fileID: 4859147170114450379}
  m_Enabled: 1
  m_EditorHideFlags: 0
  m_Script: {fileID: 11500000, guid: 5b4f4bb311b0420ea75ac0a5112307fe, type: 3}
  m_Name: 
  m_EditorClassIdentifier: 
  findTargetRadius: 10
  headTransform: {fileID: 7545698868564635843}
  rotateSpeed: 5
--- !u!114 &4901639151227384396
MonoBehaviour:
  m_ObjectHideFlags: 0
  m_CorrespondingSourceObject: {fileID: 0}
  m_PrefabInstance: {fileID: 0}
  m_PrefabAsset: {fileID: 0}
  m_GameObject: {fileID: 4859147170114450379}
  m_Enabled: 1
  m_EditorHideFlags: 0
  m_Script: {fileID: 11500000, guid: 73796f46f40e48acb07a495e04c6ca35, type: 3}
  m_Name: 
  m_EditorClassIdentifier: 
  gunType: 0
--- !u!1001 &4013384630803350998
PrefabInstance:
  m_ObjectHideFlags: 0
  serializedVersion: 2
  m_Modification:
    m_TransformParent: {fileID: 7545698868564635843}
    m_Modifications:
    - target: {fileID: 4528324504912747634, guid: 6b34cc037fff6a54fa1fbd054f0b2726, type: 3}
      propertyPath: m_Materials.Array.data[0]
      value: 
      objectReference: {fileID: 2100000, guid: 05c1bd0dd6c28774bb916bac6b45a352, type: 2}
    - target: {fileID: 6293528739263132840, guid: 6b34cc037fff6a54fa1fbd054f0b2726, type: 3}
      propertyPath: m_Name
      value: Soldier
      objectReference: {fileID: 0}
    - target: {fileID: 6293528739263132845, guid: 6b34cc037fff6a54fa1fbd054f0b2726, type: 3}
      propertyPath: m_RootOrder
      value: 0
      objectReference: {fileID: 0}
    - target: {fileID: 6293528739263132845, guid: 6b34cc037fff6a54fa1fbd054f0b2726, type: 3}
      propertyPath: m_LocalPosition.x
      value: 0.5
      objectReference: {fileID: 0}
    - target: {fileID: 6293528739263132845, guid: 6b34cc037fff6a54fa1fbd054f0b2726, type: 3}
      propertyPath: m_LocalPosition.y
      value: -1.25
      objectReference: {fileID: 0}
    - target: {fileID: 6293528739263132845, guid: 6b34cc037fff6a54fa1fbd054f0b2726, type: 3}
      propertyPath: m_LocalPosition.z
      value: 0
      objectReference: {fileID: 0}
    - target: {fileID: 6293528739263132845, guid: 6b34cc037fff6a54fa1fbd054f0b2726, type: 3}
      propertyPath: m_LocalRotation.w
      value: 1
      objectReference: {fileID: 0}
    - target: {fileID: 6293528739263132845, guid: 6b34cc037fff6a54fa1fbd054f0b2726, type: 3}
      propertyPath: m_LocalRotation.x
      value: -0
      objectReference: {fileID: 0}
    - target: {fileID: 6293528739263132845, guid: 6b34cc037fff6a54fa1fbd054f0b2726, type: 3}
      propertyPath: m_LocalRotation.y
      value: -0
      objectReference: {fileID: 0}
    - target: {fileID: 6293528739263132845, guid: 6b34cc037fff6a54fa1fbd054f0b2726, type: 3}
      propertyPath: m_LocalRotation.z
      value: -0
      objectReference: {fileID: 0}
    - target: {fileID: 6293528739263132845, guid: 6b34cc037fff6a54fa1fbd054f0b2726, type: 3}
      propertyPath: m_LocalEulerAnglesHint.x
      value: 0
      objectReference: {fileID: 0}
    - target: {fileID: 6293528739263132845, guid: 6b34cc037fff6a54fa1fbd054f0b2726, type: 3}
      propertyPath: m_LocalEulerAnglesHint.y
      value: 0
      objectReference: {fileID: 0}
    - target: {fileID: 6293528739263132845, guid: 6b34cc037fff6a54fa1fbd054f0b2726, type: 3}
      propertyPath: m_LocalEulerAnglesHint.z
      value: 0
      objectReference: {fileID: 0}
    m_RemovedComponents: []
  m_SourcePrefab: {fileID: 100100000, guid: 6b34cc037fff6a54fa1fbd054f0b2726, type: 3}
--- !u!4 &6982113266469597563 stripped
Transform:
  m_CorrespondingSourceObject: {fileID: 6293528739263132845, guid: 6b34cc037fff6a54fa1fbd054f0b2726, type: 3}
  m_PrefabInstance: {fileID: 4013384630803350998}
  m_PrefabAsset: {fileID: 0}
